<record><leader>00000cas a22000007a 4500</leader><controlfield tag="001">16015137</controlfield><controlfield tag="008">870622d18901893txuwr ne      0    0eng d</controlfield><controlfield tag="009">6576</controlfield><datafield ind1=" " ind2=" " tag="010"><subfield code="a">sn 87090379 </subfield></datafield><datafield ind1=" " ind2=" " tag="040"><subfield code="a">PPM</subfield><subfield code="b">eng</subfield><subfield code="c">PPM</subfield><subfield code="d">DLC</subfield></datafield><datafield ind1=" " ind2=" " tag="042"><subfield code="a">msc</subfield></datafield><datafield ind1="0" ind2=" " tag="130"><subfield code="a">Waco weekly news (Waco, Tex. : 1890)</subfield></datafield><datafield ind1="0" ind2="4" tag="245"><subfield code="a">The Waco weekly news.</subfield></datafield><datafield ind1=" " ind2=" " tag="260"><subfield code="a">Waco, Tex. :</subfield><subfield code="b">News Printing Co.,</subfield></datafield><datafield ind1=" " ind2=" " tag="310"><subfield code="a">Weekly</subfield></datafield><datafield ind1="0" ind2=" " tag="362"><subfield code="a">Vol. 4, no. 35 (Feb. 21, 1890)-v. 6, no. 6 (Aug. 18, 1893).</subfield></datafield><datafield ind1=" " ind2=" " tag="752"><subfield code="a">United States</subfield><subfield code="b">Texas</subfield><subfield code="c">McLennan</subfield><subfield code="d">Waco.</subfield></datafield><datafield ind1="0" ind2=" " tag="775"><subfield code="t">Waco daily news</subfield><subfield code="w">(DLC)sn 87090136</subfield></datafield><datafield ind1="0" ind2=" " tag="775"><subfield code="t">Waco evening news (Waco, Tex. : 1891)</subfield><subfield code="x">2159-3876</subfield><subfield code="w">(DLC)sn 86088201</subfield><subfield code="w">(OCoLC)13999296</subfield></datafield><datafield ind1="0" ind2="0" tag="780"><subfield code="t">Waco weekly news and trade review</subfield><subfield code="w">(DLC)sn 87090378</subfield></datafield><datafield ind1="0" ind2="0" tag="785"><subfield code="t">Semi-weekly news</subfield><subfield code="w">(DLC)sn 87090394</subfield></datafield></record>